@book{kreuzer,
	author = {Martin Kreuzer and Lorenzo Robbiano},
	title = {Computational Commutative Algebra},
	publisher = {Springer},
	year = {2000}
}