@misc{wolfram_alpha,
    author = {Wolfram Research{,} Inc.},
    title = {Wolfram Alpha Online},
    url = {https://www.wolframalpha.com/},
    note = {Champaign, IL, 2021},
    urldate = {2021-11-29}, 
}
@book{neukirch,
	author = {JÃ¼rgen Neukirch},
	title = {Algebraic Number Theory},
	publisher = {Springer},
	year = {1992},
	address = {Berlin Heidelberg}
}