@manual{mosek,
    author = "MOSEK ApS",
    title = "version 9.3",
    year = 2019,
    url = "https://www.mosek.com/"
}